@online{1,
    author = "Donald Knuth",
    title = "Knuth: Computers and Typesetting",
    url  = "http://www-cs-faculty.stanford.edu/~uno/abcde.html",

    keywords = "latex,knuth"
}
@online{face-api,
    author = "justadudewhohacks github",
    title = "face-api.js docs",
    url  = "https://justadudewhohacks.github.io/face-api.js/docs/globals.html",
   
    keywords = "face-api"
}
@online{Muhler,
    author = "Vincent Mühler",
    title = "face-api.js — JavaScript API for Face Recognition in the Browser with tensorflow.js",
    url  = "https://itnext.io/face-api-js-javascript-api-for-face-recognition-in-the-browser-with-tensorflow-js-bcc2a6c4cf07",
    keywords = "face-api"
}
@online{Dounn,
    author = "Eddie Dounn",
    title = "cs4347 project",
    url  = "https://github.com/edounn/cs4347",
    keywords = "dounn"
}
@online{Stephen,
    author = "Stephen Oni",
    title = "Facial Recognition System with JavaScript",
    url  = "https://heartbeat.fritz.ai/facial-recognition-system-with-javascript-f9659c381434",
    keywords = "Stephen Oni"
}
